@misc{juliadocu, title={Julia - Interfaces}, 
howpublished ={http://docs.julialang.org/en/release-0.4/manual/interfaces/}}

@inproceedings{objinter,
 author = {Canning, P. S. and Cook, W. R. and Hill, W. L. and Olthoff, W. G.},
 title = {Interfaces for Strongly-typed Object-oriented Programming},
 booktitle = {Conference Proceedings on Object-oriented Programming Systems, Languages and Applications},
 series = {OOPSLA '89},
 year = {1989},
 isbn = {0-89791-333-7},
 location = {New Orleans, Louisiana, USA},
 pages = {457--467},
 numpages = {11},
 url = {http://doi.acm.org/10.1145/74877.74924},
 doi = {10.1145/74877.74924},
 acmid = {74924},
 publisher = {ACM},
 address = {New York, NY, USA},
} 

@article{Fj,
 author = {Igarashi, Atsushi and Pierce, Benjamin C. and Wadler, Philip},
 title = {Featherweight Java: A Minimal Core Calculus for Java and GJ},
 journal = {ACM Trans. Program. Lang. Syst.},
 issue_date = {May 2001},
 volume = {23},
 number = {3},
 month = may,
 year = {2001},
 issn = {0164-0925},
 pages = {396--450},
 numpages = {55},
 url = {http://doi.acm.org/10.1145/503502.503505},
 doi = {10.1145/503502.503505},
 acmid = {503505},
 publisher = {ACM},
 address = {New York, NY, USA},
 keywords = {Compilation, Java, generic classes, language design, language semantics},
} 

@book{jls,
  title={The Java language specification},
  author={Gosling, James},
  year={2000},
  publisher={Addison-Wesley Professional}
}

@book{csls,
  title={C\# language specification},
  author={Hejlsberg, Anders and Wiltamuth, Scott and Golde, Peter},
  year={2003},
  publisher={Addison-Wesley Longman Publishing Co., Inc.}
}
@book{cppls,
 author = {Stroustrup, Bjarne},
 title = {The  C++ Programming Language},
 year = {2000},
 isbn = {0201700735},
 edition = {3rd},
 publisher = {Addison-Wesley Longman Publishing Co., Inc.},
 address = {Boston, MA, USA},
} 

@article{ecma,
  title={262: Ecmascript language specification},
  author={Ecma, ECMA},
  journal={ECMA (European Association for Standardizing Information and Communication Systems)},
  year={1999}
}

@article{lualang,
  title={Lua-an extensible extension language},
  author={Ierusalimschy, Roberto and De Figueiredo, Luiz Henrique and Celes Filho, Waldemar},
  journal={Softw., Pract. Exper.},
  volume={26},
  number={6},
  pages={635--652},
  year={1996},
  publisher={Citeseer}
}
@phdthesis{bezan,
  title={Abstraction in technical computing},
  author={Bezanson, Jeffrey Werner},
  year={2015},
  school={Massachusetts Institute of Technology}
}
@phdthesis{cannonpython,
  title={Localized type inference of atomic types in python},
  author={Cannon, Brett},
  year={2005},
  school={California Polytechnic State University San Luis Obispo}
}
@inproceedings{typeclasses,
  title={Type classes in Haskell},
  author={Hall, Cordelia and Hammond, Kevin and Jones, Simon Peyton and Wadler, Philip},
  booktitle={European Symposium On Programming},
  pages={241--256},
  year={1994},
  organization={Springer}
}
@article{rust,
  title={Patina: A formalization of the Rust programming language},
  author={Reed, Eric},
  journal={University of Washington, Department of Computer Science and Engineering, Tech. Rep. UW-CSE-15-03-02},
  year={2015}
}
